@article{reep1968skill,
  title={Skill and chance in association football},
  author={Reep, Charles and Benjamin, Bernard},
  journal={Journal of the Royal Statistical Society. Series A (General)},
  volume={131},
  number={4},
  pages={581--585},
  year={1968},
  publisher={JSTOR}
},
@article{gould1979structural,
  title={A structural analysis of a game: the Liverpool v Manchester United Cup Final of 1977},
  author={Gould, Peter and Gatrell, Anthony},
  journal={Social Networks},
  volume={2},
  number={3},
  pages={253--273},
  year={1979},
  publisher={Elsevier}
},
@article{duch2010quantifying,
  title={Quantifying the performance of individual players in a team activity},
  author={Duch, Jordi and Waitzman, Joshua S and Amaral, Lu{\'\i}s A Nunes},
  journal={PloS one},
  volume={5},
  number={6},
  year={2010},
  publisher={Public Library of Science}
},
@article{itzkovitz2005subgraphs,
  title={Subgraphs and network motifs in geometric networks},
  author={Itzkovitz, Shalev and Alon, Uri},
  journal={Physical Review E},
  volume={71},
  number={2},
  pages={026117},
  year={2005},
  publisher={APS}
},
@article{gursakal2018network,
  title={Network motifs in football},
  author={G{\"U}RSAKAL, Necmi and YILMAZ, F{\i}rat Melih and {\c{C}}OBANO{\u{G}}LU, Halil Orbay and {\c{C}}A{\u{G}}LIYOR, Sandy},
  journal={Turkish Journal of Sport and Exercise},
  volume={20},
  number={3},
  pages={263--272},
  year={2018}
}